@ARTICLE{Schnute1994,
  author = {J. T. Schnute},
  title = {A general framework for developing sequential fisheries models},
  journal = {Canadian Journal of Fisheries and Aquatic Sciences},
  year = {1994},
  volume = {51},
  pages = {1676-1688}
}

@ARTICLE{Ionides+2006,
  author = {Ionides, E. L. and Bret{\'o}, C. and King, A. A.},
  title = {Inference for nonlinear dynamical systems},
  journal = {Proceedings of the National Academy of Sciences of the USA},
  year = {2006},
  volume = {103},
  pages = {18438-18443},
  number = {49},
  doi = {doi:10.1073 pnas.0603181103},
  owner = {ben},
  timestamp = {2007.01.18}
}

@ARTICLE{Ellner+2002,
  author = {Stephen P. Ellner and Yodit Seifu and Robert H. Smith},
  title = {Fitting population dynamic models to time-series data by gradient
	matching},
  journal = {Ecology},
  year = {2002},
  volume = {83},
  pages = {2256-2270},
  number = {8}
}
